2144 3236
295 207 412 259 DE
467 198 718 255 BELL.
771 175 1056 246 civ'11..
1092 195 1172 244 M.
1211 197 1271 245 L.
1309 201 1358 247 s.
1426 216 1519 249 ω

105 325 295 361 teneret
337 307 600 372 imperium
622 329 640 360 ‚
674 296 857 347 multas
897 296 1029 361 leges
1049 312 1106 344 ac
1122 297 1225 360 jura
1263 298 1542 366 praescripsit
1564 337 1582 367 ,

114 381 298 427 multas
343 369 628 423 civitatibus
662 366 1004 412 immunitates
1061 362 1376 429 vefflgalium
1411 368 1585 436 dedit,

107 446 291 495 multos
312 440 537 489 Romana
564 435 770 483 civitate
788 431 995 479 donavit
1017 464 1029 476 .

171 507 260 560 vl.
296 503 459 569 Hujus
480 499 583 550 aaa
604 516 713 548 cum
735 513 938 548 conatur
959 496 1174 564 Lepidus
1206 500 1258 546 in
1296 497 1379 548 suo
1416 498 1588 562 consu-

103 581 207 629 latu
225 574 496 623 subvertere
516 598 534 626 ‚
571 581 738 616 contra
764 567 1008 633 collegam
1028 565 1267 615 Catulum
1290 567 1440 615 civile
1460 584 1585 632 proe-

19 650 21 696 ζ
100 646 222 696 lium
264 637 398 710 geffit
427 667 446 695 ‚
482 637 529 684 &
569 634 738 684 vidius·
764 633 828 682 est
850 669 862 680 .
923 632 1055 683 Nam
1093 638 1397 701 congregatis
1433 638 1495 684 iis
1532 639 1584 683 in

20 725 21 729 ’
110 723 305 759 *uorum
341 703 644 772 poffeffiones
681 719 836 751 novos
869 701 1071 751 colonos
1109 703 1170 751 de
1206 700 1301 751 suis
1337 703 1583 752 militibus

163 777 232 825 lla
252 772 409 824 νίἂοι·
432 770 631 820 immisit
653 799 671 829 ,
704 787 763 819 ac
792 769 877 819 fibi
897 769 1167 836 conjundiis
1187 770 1355 819 liberis
1374 769 1583 835 proscri-

98 860 293 911 ptorum
316 872 334 901 ,
372 844 616 907 ingentem
637 841 953 904 congregavit
974 841 1241 887 exercitum
1261 838 1542 904 pollicendo
1561 867 1581 898 ‚

94 911 409 967 fiviciffent,
446 906 494 956 se
528 907 653 956 bona
684 908 840 972 patria
879 904 1208 955 restituturum
1230 941 1242 952 .
1283 904 1423 957 Plebi
1461 925 1582 973 quo-

68 1039 73 1041 ·
96 997 191 1046 que
209 978 381 1028 multis
400 975 680 1024 muneribus
715 972 912 1041 publice
930 978 1262 1041 privatimque
1284 975 1313 1004 ⁴³
1332 973 1538 1042 largitus
1558 1003 1578 1034 5

92 1064 227 1096 carus
265 1045 648 1109 videbatui-‚Aac
686 1042 888 1107 publicae
911 1041 1154 1092 libertatis
1195 1040 1426 1091 assertor.
1483 1044 1576 1092 Sed

51 1148 55 1155 -
91 1119 143 1163 in
165 1114 381 1163 *Etruri
420 1113 568 1160 litore
602 1109 856 1160 commisso
892 1112 1068 1177 proelio
1110 1126 1319 1176 coeperat
1357 1108 1577 1176 Lepidus

32 1226 56 1243 s
92 1181 188 1232 esse
222 1179 436 1247 superior
470 1196 554 1245 per
575 1193 830 1246 *armatam
866 1179 1240 1228 multitudinem
1262 1208 1280 1238 ‚
1316 1195 1418 1244 quae
1452 1179 1567 1228 odio

92 1267 250 1299 rerum
292 1248 600 1296 Sullanarum
634 1276 653 1306 ,
703 1245 752 1295 se
793 1245 973 1312 Lepidi
1009 1247 1229 1313 partibus
1265 1247 1573 1312 applicarat.

93 1319 184 1368 Sed
206 1316 462 1380 pompejus
482 1315 543 1363 de
556 1311 733 1361 Gallia
753 1315 944 1363 rediens
963 1345 981 1374 ,
1019 1333 1115 1364 non
1137 1314 1297 1380 passus
1317 1312 1384 1362 est
1425 1313 1577 1380 Lepi-

94 1388 145 1435 di
167 1385 420 1433 audaciam
440 1398 548 1430 eum
572 1380 784 1444 publicis
817 1382 1127 1431 detrimentis
1147 1386 1348 1446 impune
1374 1381 1579 1430 baccha-

91 1459 132 1502 ri
155 1488 167 1499 .
203 1450 335 1501 Nam
356 1448 600 1516 fugientes
618 1449 720 1513 ejus
737 1450 901 1512 copias
927 1446 996 1498 'ac
1014 1448 1062 1499 se
1097 1450 1410 1514 implicantes
1439 1447 1577 1497 festi-

93 1523 295 1570 natione
315 1517 595 1567 formidinis
613 1545 632 1573 ,
668 1517 736 1562 ita
756 1514 1013 1579 prostravit
1034 1546 1053 1575 ‚
1089 1531 1142 1564 ut
1162 1518 1344 1581 majore
1373 1534 1576 1567 numero

91 1593 317 1656 privatus
337 1617 356 1645 ,
393 1589 441 1632 in
465 1583 735 1632 Sardiniam
756 1581 902 1630 consu
939 1596 1038 1631 eret
1059 1599 1077 1641 ς
1112 1598 1167 1631 ut
1189 1584 1427 1651 impedito
1441 1601 1577 1633 com-

93 1671 258 1706 meatu
277 1685 295 1714 ,
333 1653 568 1719 populum
593 1648 878 1699 Romanum
923 1653 1132 1716 atigaret
1152 1652 1318 1716 inopia
1339 1681 1358 1710 ,
1390 1669 1447 1701 ac
1466 1651 1573 1702 suas

95 1729 227 1773 vires
243 1725 391 1771 armis
427 1717 677 1784 copiisque
709 1717 756 1764 &
795 1722 930 1766 omni
970 1716 1288 1768 instrumento
1324 1719 1572 1769 reficeret.

92 1791 265 1857 Atque
286 1791 354 1838 ibi
375 1789 404 1818 ‘⁸‘
426 1789 671 1836 contrario
701 1801 1026 1850 propatore,
1063 1789 1213 1835 variis
1247 1787 1432 1852 proeliis
1466 1805 1576 1854 gra-

94 1858 332 1924 vibusque
349 1855 572 1905 conflixit
593 1886 605 1899 .
645 1850 776 1902 Nam
799 1853 1101 1903 {blettiffime
1135 1857 1341 1903 tutando
1370 1858 1574 1920 provin-

92 1932 219 1976 ciam
256 1925 456 1981 effecit,
491 1939 543 1971 ut
582 1919 761 1984 Lepidi
798 1920 994 1969 confilia
1018 1938 1141 1971 vana
1177 1921 1369 1970 forent.
1408 1921 1573 1971 Undi-

92 2012 187 2061 que
221 1998 351 2041 enim
392 1989 665 2057 prohibitus
686 2018 705 2045 ‚
739 1989 787 2036 &
820 1990 1178 2039 munitionibus
1211 2006 1270 2039 ac
1306 1992 1573 2040 civitatum

89 2058 503 2179 ῗῗέἕέἶὲἓῗιῖ
522 2054 1563 2194 3:33¹?‘⁰301'2532132‘2‘3322}„E‘{¹{⁰51‘5r·

683 2153 700 2183 ’
1547 2154 1571 2167 O

52 2237 66 2255 ι
90 2211 205 2247 tuus
223 2194 289 2244 est
312 2229 324 2241 .
1187 2203 1191 2208 '
1303 2223 1308 2226 -

48 2255 54 2329 ζ
165 2262 277 2311 vll.
312 2261 467 2328 Cujus
487 2259 641 2309 socius
661 2262 707 2309 &
725 2260 1007 2311 administer
1025 2260 1270 2328 Perpenna
1291 2292 1308 2324 ‚
1345 2261 1408 2312 ob
1442 2263 1570 2311 deli-

31 2324 61 2370 3'
93 2331 224 2383 &um
245 2334 375 2379 tanti
411 2327 645 2378 facinoris
665 2328 954 2394 supplicium
994 2333 1209 2391 timens,
1244 2347 1302 2380 ex
1340 2331 1565 2380 Sardinia

28 2403 36 2445 i
67 2411 70 2419 ’
95 2402 150 2449 in
169 2397 462 2464 Hispaniam
483 2395 782 2446 transveAEius
802 2397 866 2447 est
890 2415 906 2456 ς
940 2414 998 2446 ac
1016 2396 1062 2447 se
1079 2399 1298 2449 Sertorio>
1319 2397 1527 2449 sociavit
1547 2427 1569 2459 ‚

27 2487 33 2506 ·³
92 2470 303 2534 quitum
328 2465 573 2515 Romanis
610 2471 759 2515 armis
795 2465 1045 2531 quassabat
1079 2468 1339 2533 imperium
1362 2502 1374 2514 .
1433 2465 1568 2516 Nam

28 2576 41 2595 ,
76 2536 177 2587 Jiic
196 2536 432 2584 Sertorius
452 2535 511 2582 de
529 2533 684 2582 Marii
707 2534 926 2599 partibus
944 2533 1041 2583 fuit
1059 2568 1072 2581 .
1110 2534 1240 2584 Nam
1262 2536 1290 2565 ⁴⁸
1327 2535 1568 2585 Norbano

30 2608 73 2662 ,,’
94 2604 148 2655 ἃ
165 2604 390 2669 Scipione
409 2600 685 2652 consulibus
704 2631 723 2663 ‚
757 2619 864 2652 cum
887 2619 944 2652 ex
967 2600 1079 2652 Asia
1099 2603 1232 2653 Sulla
1254 2618 1420 2654 contra
1451 2601 1569 2650 Ma·

1402 2687 1536 2720 rium
